@article{Bos1,
	title={q-Énumération de Polyominos Convexes*},
	volume = {64},
	language = {fr},
	number = {},
	journal = {Journal of Combinatorial Theory},
	author = {Bousquet-Mélou, M.},
	year = {1993},
	pages = {265--288},
}
@article{Bos2,
	title={The site perimeter of
bargraphs},
	volume = {31},
	language = {en},
	number = {1},
	journal = {Advances in Applied Mathematics},
	author = {Bousquet-Mélou, M. and Rechnitzer, A.},
	year = {2003},
	pages = {86-112},
}
@article{Goup1,
	title={Enumeration of minimal 3D polyominoes inscribed in a rectangular prism},
	volume = {},
	language = {en},
	number = {},
	journal = {Proceedings of the Formal Power Series
and Algebraic Combinatorics},
	author = {Goupil, A. and Cloutier, H.},
	year = {2011},
	pages = {423--434},
}
@article{Goup2,
	title={Enumeration of polyominoes inscribed in a rectangle},
	volume = {158(8)},
	language = {en},
	number = {},
	journal = {Discrete Applied Mathematics},
	author = {Goupil, A. and Cloutier, H. and Nouboud,F.},
	year = {2010},
	pages = {2014--2023},
}
@article{Goup3,
	title={Generating functions
for inscribed polyominoes},
	volume = {161(1-2)},
	language = {en},
	number = {},
	journal = {Discrete Applied Mathematics},
	author = {Goupil, A. and Cloutier, H. and Pellerin, M.-E.},
	year = {2013},
	pages = {151--166},
}
@article{Kre,
	title={Sur les partitions non croisées d'un cycle},
	volume = {1},
	language = {en},
	number = {4},
	journal = {Discrete Applied Mathematics},
	author = {Kreweras , G.},
	year = {1972},
	pages = {333--350},
}
@article{SWC1,
	title={Tiling with polyominoes},
	volume = {1},
	language = {en},
	number = {},
	journal = {Journal of Combinatorial Theory},
	author = {Golomb , G.},
	year = { 1966},
	pages = {280-296 },
}
@article{SWC2,
	title={ Polyominoes which tile rectangles},
	volume = {1},
	language = {en},
	number = {},
	journal = {Journal of Combinatorial Theory},
	author = {Golomb , G.},
	year = { 1989},
	pages = {117--124},
}
@article{MarG,
	title={ Mathematical games},
	volume = {236},
	language = {en},
	number = {1},
	journal = {Scientific American},
	author = {Gardner , M.},
	year = { 1977},
	pages = {110-121},
}
@article{Vie1,
	title={ Problèmes combinatoires posés par la physique statistique},
	volume = {1983/84},
	language = {fr},
	number = {626},
	journal = {Séminaire Bourbaki},
	author = {Viennot, G.-X.},
	year = { 1985},
	pages = {225-246},
}
@article{Vie2,
	title={Heaps of pieces I: Basic definitions and combinatorial lemmas},
	volume = {1234},
	language = {en},
	number = {626},
	journal = {Spriger Verlag, Berlin},
	author = {Viennot, G.-X.},
	year = { 1986},
	pages = {321-350},
}
@article{K1-Ri1,
	title={A procedure for improving the upper  bound for the number of $n$-ominoes},
	volume = {25},
	language = {en},
	number = {},
	journal = {Canad. J. Math},
	author = {Klarner, D.-A. and Rivest, R.-L.},
	year = { 1973},
	pages = {585--602},
}
@article{De-Vi,
	title={Algebraic languages and polyominoes enumeration},
	volume = {34},
	language = {en},
	number = {},
	journal = {Theoret. Comput. Sci},
	author = {Delest, M.-P. and Viennot,  G.-X.},
	year = { 1984},
	pages = {169--206},
}
@article{Ch-Li,
	title={Rigourous results for the number of convex polygons on the square and honeycomb lattices},
	volume = {21},
	language = {en},
	number = {},
	journal = {J. Phys. A:Math.Gen},
	author = {Chang, S.-G. and Lin, K.-Y.},
	year = { 1988},
	pages = {2635--2642},
}
@article{DE-Na-Va,
	title={Directed lattices animals in 2 dimensions: Numerical and exact results},
	volume = {43},
	language = {en},
	number = {},
	journal = {J. Phys.},
	author = {Derrida, B. and Nadal, J.-P. and Vannimenus, J.},
	year = { 1982},
	pages = {1561},
}
@article{Ha-Na,
	title={Exact results for 2D directed lattice animals on a strip of finite width},
	volume = {16},
	language = {en},
	number = {},
	journal = {J. Phys. A:Math.Gen},
	author = {Hakim, G. and Nadal, J.-P.},
	year = { 1983},
	pages = {213--218},
}
@article{Go-Vi,
	title={Equivalence of two-dimensional directed animal problem to one-dimenssional path problem},
	volume = {9},
	language = {en},
	number = {},
	journal = {Adv. in App.Math},
	author = {Gouyou-Beauchamps, D. and Viennot,  G.-X.},
	year = { 1988},
	pages = {334--357},
}
@book{An,
	title={The theory of plane partitions, Encyclopedia of Maths and its Applications},
	volume = {9},
	language = {en},
	publisher = {Addison-Wisley, Reading, MA},
	author = {Andeews, G.-E.},
	editor = {G.C. Rota. Ed},
	year = {1976},
}
@article{De-Fe,
	title={Enumeration of skew Ferrers diagrams},
	volume = {9},
	language = {en},
	number = {},
	journal = {Discrete Mathematics},
	author = {Delest, M.-P. and Fedou, J.-M.},
	year = { 1993},
	pages = {65--79},
}
@article{De-Du,
	title={Enumeration of directed column-convex animals with given parimeter and area},
	volume = {66},
	language = {en},
	number = {1},
	journal = {Croatica Chemica Acta},
	author = {Delest, M.-P. and Dulucq, S.},
	year = { 1993},
	pages = {59--80},
}
@article{Pr-Sv,
	title={Exact generating function for fully directed compact lattice animals},
	volume = {60},
	language = {en},
	number = {12},
	journal = {Phys. Rev. Lett.},
	author = {Privman, V. and Svrakic, N.-M.},
	year = { 1988},
	pages = {1107--1109},
}
@article{Kl-Ri,
	title={Asymptotic bounds for the number of convex n-ominoes},
	volume = {8},
	language = {en},
	number = {},
	journal = {Discrete Mathematics},
	author = { Klarner, D.-A and Rivest, R.-L.},
	year = {1974},
	pages = {31-40},
}
@article{Be,
	title={Convex n-ominoes},
	volume = {8},
	language = {en},
	number = {},
	journal = {Discrete Math.},
	author = {Bender, E.},
	year = {1974},
	pages = {219-226},
}
@article{Rous,
	title={Passera, passera pas?},
	volume = {9},
	language = {fr},
	number = {1},
	journal = {Accromath},
	author = {Rousseau, C.},
	year = {2014},
	pages = {8-13},
}
@book{Auto1,
	address = {USA},
	number = {2},
	title = {Introduction to automata theory, languages
and computation},
	isbn = {0-201-44124-1},
	publisher = {Addison-Wesley},
	author = {Hopcroft, J.-E. and Motwani, R. and Ullman, J.-D.},
	year = {1979},
	note = {},
	keywords = {Macine theory, Formal languages, Computational complexity}
}
@book{Auto2,
	address = {Massachusets},
	edition = {1st},
	title = {Introduction to the theory of computation},
	isbn = {0-534-95097-3},
	publisher = {PWS Publishing Company},
	author = {Sipser, M.},
	year = {1996},
}
@article{Gess,
	title={On The Number Of Convex Polyominoes},
	volume = {},
	language = {en},
	number = {},
	journal = {Annales des Sciences Mathématiques du Québec},
	author = {Gessel, I.-M.},
	year = {1999},
	pages = {63-66},
}
@article{RaSc,
	title={Finite automata and their decision problems},
	volume = {3},
	language = {en},
	number = {},
	journal = {IBM J. of Research and Development},
	author = {Rabin, M.-O. and Scott, D.},
	year = {1959},
	pages = {114--125},
}
@book{Oeis,
Publisher = {The On-Line Encyclopedia of Integer Sequences},
Author = {Friedman, E-},
Title = {Number of not-necessarily-symmetric n X 2 crossword puzzle grids},
Url = {https://oeis.org/A034182},
}
@book{Oeis2,
Publisher = {The On-Line Encyclopedia of Integer Sequences},
Author = {Friedman, E-},
Title = {Not necessarily symmetric n X 3 crossword puzzle grids},
Url = {https://oeis.org/A034184},
}
@book{Annexe,
Publisher = {Github},
Author = {Yao, I. -A.},
Title = {Annexe},
year = {2023},
Url = {https://github.com/Yao1300/UQAM/tree/main/Annexe},
}
@book{Code,
Publisher = {Github},
Author = {Yao, I. -A.},
Title = {Programmes informatiques},
year = {2023},
Url = {https://github.com/Yao1300/UQAM/tree/main/code_memoire2},
}
@article{Amt,
	title={Automata, Languages, and Machines},
	volume = {A},
	language = {en},
	number = {},
	journal = {Academic Press},
	author = {Eilenberg, S.},
	year = {1976},
	pages = {},
}