@article{Febrero,
	title = {Statistical Computing in Functional Data Analysis: The R Package fda.usc.},
	volume = {51},
	language = {en},
	number = {4},
	journal = {Journal of Statistical Software},
	author = {Febrero-Bande, M. and Oviedo de la Fuente, M.},
	year = {2012},
	pages = {1--28},
}
@article{
    title={q-Énumération de Polyominos Convexes*}
    volume={}