@article{Bos1,
	ttitle={q-Énumération de Polyominos Convexes*},
	volume = {64},
	language = {fr},
	journal = {Journal of Combinatorial Theory},
	author = {Mireille Bousquet-Mélou.},
	year = {2013},
	pages = {265--288},
}